% Encoding: windows-1252

@Misc{uber2017,
  author       = {Uber},
  title        = {Nossa história},
  howpublished = {\url{https://www.uber.com/pt-BR/our-story/}},
  year         = {2017},
}

@Misc{mysql2017,
  author       = {MySQL},
  title        = {MySQL Reference Manual},
  howpublished = {\url{https://dev.mysql.com/doc/refman/5.7/en/introduction.html}},
  year         = {2017},
}

@Misc{docker2017,
  author       = {Docker},
  title        = {What is Docker?},
  howpublished = {\url{https://www.docker.com/what-docker}},
  year         = {2017},
}

@InProceedings{Mazlami2017,
  author    = {G. Mazlami and J. Cito and P. Leitner},
  title     = {Extraction of Microservices from Monolithic Software Architectures},
  booktitle = {2017 IEEE International Conference on Web Services (ICWS)},
  year      = {2017},
  pages     = {524-531},
  month     = {June},
  doi       = {10.1109/ICWS.2017.61},
  keywords  = {Cloud computing;Clustering algorithms;Computer architecture;Couplings;Industries;Tools;coupling;extraction;graph-based clustering;microservices},
}

@InProceedings{Gouigoux2017,
  author    = {J. P. Gouigoux and D. Tamzalit},
  title     = {From Monolith to Microservices: Lessons Learned on an Industrial Migration to a Web Oriented Architecture},
  booktitle = {2017 IEEE International Conference on Software Architecture Workshops (ICSAW)},
  year      = {2017},
  pages     = {62-65},
  month     = {April},
  doi       = {10.1109/ICSAW.2017.35},
  keywords  = {Internet;service-oriented architecture;software houses;MGDIS SA;Web oriented architecture;context-adapted migration;core business software;industrial migration;microservices;monolithic architecture;software editing company;Computer architecture;Context;Couplings;Quality assurance;Service-oriented architecture;Web Oriented Architecture;microservices;migration},
}

@Misc{fowler2014,
  author       = {Martin Fowler, James Lewis},
  title        = {Microservices},
  howpublished = {\url{https://www.martinfowler.com/articles/microservices.html}},
  year         = {2017},
}

@Misc{barcia2017,
  author       = {Roland Barcia, Kyle Brown},
  title        = {Rapidly developing applications (part 1): an overview of microservices},
  howpublished = {\url{https://www.ibm.com/blogs/bluemix/2017/07/know-developing-applications-microservices/}},
  month        = jun,
  year         = {2017},
}

@Misc{richardson2015,
  author       = {Chris Richardson},
  title        = {Introdution to Microservices},
  howpublished = {\url{https://www.nginx.com/blog/introduction-to-microservices/}},
  month        = may,
  year         = {2015},
}

@Comment{jabref-meta: databaseType:bibtex;}
